%%% ====================================================================
%%%  BibTeX-file{
%%%     author          = "Gerry Murray",
%%%     version         = "1.2",
%%%     date            = "2 April 2012",
%%%     filename        = "acmsmall-sample-bibfile.bib",
%%%     address         = "ACM, NY",
%%%     email           = "murray at hq.acm.org",
%%%     codetable       = "ISO/ASCII",
%%%     keywords        = "ACM Reference Format, bibliography, citation, references",
%%%     supported       = "yes",
%%%     docstring       = "This BibTeX database file contains 'bibdata' entries
%%%                        that 'match' the examples provided in the Specifications Document
%%%                        AND, also, 'legacy'-type bibs. It should assist authors in
%%%                        choosing the 'correct' at-bibtype and necessary bib-fields
%%%                        so as to obtain the appropriate ACM Reference Format output.
%%%                        It also contains many 'Standard Abbreviations'. "
%%%  }
%%% ====================================================================

% Journals

% First the Full Name is given, then the abbreviation used in the AMS Math
% Reviews, with an indication if it could not be found there.
% Note the 2nd overwrites the 1st, so swap them if you want the full name.

 %{AMS}
 @String{AMSTrans = "American Mathematical Society Translations" }
 @String{AMSTrans = "Amer. Math. Soc. Transl." }
 @String{BullAMS = "Bulletin of the American Mathematical Society" }
 @String{BullAMS = "Bull. Amer. Math. Soc." }
 @String{ProcAMS = "Proceedings of the American Mathematical Society" }
 @String{ProcAMS = "Proc. Amer. Math. Soc." }
 @String{TransAMS = "Transactions of the American Mathematical Society" }
 @String{TransAMS = "Trans. Amer. Math. Soc." }

 %ACM
 @String{CACM = "Communications of the {ACM}" }
 @String{CACM = "Commun. {ACM}" }
 @String{CompServ = "Comput. Surveys" }
 @String{JACM = "J. ACM" }
 @String{ACMMathSoft = "{ACM} Transactions on Mathematical Software" }
 @String{ACMMathSoft = "{ACM} Trans. Math. Software" }
 @String{SIGNUM = "{ACM} {SIGNUM} Newsletter" }
 @String{SIGNUM = "{ACM} {SIGNUM} Newslett." }

 @String{AmerSocio = "American Journal of Sociology" }
 @String{AmerStatAssoc = "Journal of the American Statistical Association" }
 @String{AmerStatAssoc = "J. Amer. Statist. Assoc." }
 @String{ApplMathComp = "Applied Mathematics and Computation" }
 @String{ApplMathComp = "Appl. Math. Comput." }
 @String{AmerMathMonthly = "American Mathematical Monthly" }
 @String{AmerMathMonthly = "Amer. Math. Monthly" }
 @String{BIT = "{BIT}" }
 @String{BritStatPsych = "British Journal of Mathematical and Statistical
          Psychology" }
 @String{BritStatPsych = "Brit. J. Math. Statist. Psych." }
 @String{CanMathBull = "Canadian Mathematical Bulletin" }
 @String{CanMathBull = "Canad. Math. Bull." }
 @String{CompApplMath = "Journal of Computational and Applied Mathematics" }
 @String{CompApplMath = "J. Comput. Appl. Math." }
 @String{CompPhys = "Journal of Computational Physics" }
 @String{CompPhys = "J. Comput. Phys." }
 @String{CompStruct = "Computers and Structures" }
 @String{CompStruct = "Comput. \& Structures" }
 @String{CompJour = "The Computer Journal" }
 @String{CompJour = "Comput. J." }
 @String{CompSysSci = "Journal of Computer and System Sciences" }
 @String{CompSysSci = "J. Comput. System Sci." }
 @String{Computing = "Computing" }
 @String{ContempMath = "Contemporary Mathematics" }
 @String{ContempMath = "Contemp. Math." }
 @String{Crelle = "Crelle's Journal" }
 @String{GiornaleMath = "Giornale di Mathematiche" }
 @String{GiornaleMath = "Giorn. Mat." } % didn't find in AMS MR., ibid.

 %IEEE
 @String{Computer = "{IEEE} Computer" }
 @String{IEEETransComp = "{IEEE} Transactions on Computers" }
 @String{IEEETransComp = "{IEEE} Trans. Comput." }
 @String{IEEETransAC = "{IEEE} Transactions on Automatic Control" }
 @String{IEEETransAC = "{IEEE} Trans. Automat. Control" }
 @String{IEEESpec = "{IEEE} Spectrum" } % didn't find in AMS MR
 @String{ProcIEEE = "Proceedings of the {IEEE}" }
 @String{ProcIEEE = "Proc. {IEEE}" } % didn't find in AMS MR
 @String{IEEETransAeroElec = "{IEEE} Transactions on Aerospace and Electronic
     Systems" }
 @String{IEEETransAeroElec = "{IEEE} Trans. Aerospace Electron. Systems" }

 @String{IMANumerAna = "{IMA} Journal of Numerical Analysis" }
 @String{IMANumerAna = "{IMA} J. Numer. Anal." }
 @String{InfProcLet = "Information Processing Letters" }
 @String{InfProcLet = "Inform. Process. Lett." }
 @String{InstMathApp = "Journal of the Institute of Mathematics and
     its Applications" }
 @String{InstMathApp = "J. Inst. Math. Appl." }
 @String{IntControl = "International Journal of Control" }
 @String{IntControl = "Internat. J. Control" }
 @String{IntNumerEng = "International Journal for Numerical Methods in
     Engineering" }
 @String{IntNumerEng = "Internat. J. Numer. Methods Engrg." }
 @String{IntSuper = "International Journal of Supercomputing Applications" }
 @String{IntSuper = "Internat. J. Supercomputing Applic." } % didn't find
%% in AMS MR
 @String{Kibernetika = "Kibernetika" }
 @String{JResNatBurStand = "Journal of Research of the National Bureau
     of Standards" }
 @String{JResNatBurStand = "J. Res. Nat. Bur. Standards" }
 @String{LinAlgApp = "Linear Algebra and its Applications" }
 @String{LinAlgApp = "Linear Algebra Appl." }
 @String{MathAnaAppl = "Journal of Mathematical Analysis and Applications" }
 @String{MathAnaAppl = "J. Math. Anal. Appl." }
 @String{MathAnnalen = "Mathematische Annalen" }
 @String{MathAnnalen = "Math. Ann." }
 @String{MathPhys = "Journal of Mathematical Physics" }
 @String{MathPhys = "J. Math. Phys." }
 @String{MathComp = "Mathematics of Computation" }
 @String{MathComp = "Math. Comp." }
 @String{MathScand = "Mathematica Scandinavica" }
 @String{MathScand = "Math. Scand." }
 @String{TablesAidsComp = "Mathematical Tables and Other Aids to Computation" }
 @String{TablesAidsComp = "Math. Tables Aids Comput." }
 @String{NumerMath = "Numerische Mathematik" }
 @String{NumerMath = "Numer. Math." }
 @String{PacificMath = "Pacific Journal of Mathematics" }
 @String{PacificMath = "Pacific J. Math." }
 @String{ParDistComp = "Journal of Parallel and Distributed Computing" }
 @String{ParDistComp = "J. Parallel and Distrib. Comput." } % didn't find
%% in AMS MR
 @String{ParComputing = "Parallel Computing" }
 @String{ParComputing = "Parallel Comput." }
 @String{PhilMag = "Philosophical Magazine" }
 @String{PhilMag = "Philos. Mag." }
 @String{ProcNAS = "Proceedings of the National Academy of Sciences
                    of the USA" }
 @String{ProcNAS = "Proc. Nat. Acad. Sci. U. S. A." }
 @String{Psychometrika = "Psychometrika" }
 @String{QuartMath = "Quarterly Journal of Mathematics, Oxford, Series (2)" }
 @String{QuartMath = "Quart. J. Math. Oxford Ser. (2)" }
 @String{QuartApplMath = "Quarterly of Applied Mathematics" }
 @String{QuartApplMath = "Quart. Appl. Math." }
 @String{RevueInstStat = "Review of the International Statisical Institute" }
 @String{RevueInstStat = "Rev. Inst. Internat. Statist." }

 %SIAM
 @String{JSIAM = "Journal of the Society for Industrial and Applied
     Mathematics" }
 @String{JSIAM = "J. Soc. Indust. Appl. Math." }
 @String{JSIAMB = "Journal of the Society for Industrial and Applied
     Mathematics, Series B, Numerical Analysis" }
 @String{JSIAMB = "J. Soc. Indust. Appl. Math. Ser. B Numer. Anal." }
 @String{SIAMAlgMeth = "{SIAM} Journal on Algebraic and Discrete Methods" }
 @String{SIAMAlgMeth = "{SIAM} J. Algebraic Discrete Methods" }
 @String{SIAMAppMath = "{SIAM} Journal on Applied Mathematics" }
 @String{SIAMAppMath = "{SIAM} J. Appl. Math." }
 @String{SIAMComp = "{SIAM} Journal on Computing" }
 @String{SIAMComp = "{SIAM} J. Comput." }
 @String{SIAMMatrix = "{SIAM} Journal on Matrix Analysis and Applications" }
 @String{SIAMMatrix = "{SIAM} J. Matrix Anal. Appl." }
 @String{SIAMNumAnal = "{SIAM} Journal on Numerical Analysis" }
 @String{SIAMNumAnal = "{SIAM} J. Numer. Anal." }
 @String{SIAMReview = "{SIAM} Review" }
 @String{SIAMReview = "{SIAM} Rev." }
 @String{SIAMSciStat = "{SIAM} Journal on Scientific and Statistical
     Computing" }
 @String{SIAMSciStat = "{SIAM} J. Sci. Statist. Comput." }

 @String{SoftPracExp = "Software Practice and Experience" }
 @String{SoftPracExp = "Software Prac. Experience" } % didn't find in AMS MR
 @String{StatScience = "Statistical Science" }
 @String{StatScience = "Statist. Sci." }
 @String{Techno = "Technometrics" }
 @String{USSRCompMathPhys = "{USSR} Computational Mathematics and Mathematical
     Physics" }
 @String{USSRCompMathPhys = "{U. S. S. R.} Comput. Math. and Math. Phys." }
 @String{VLSICompSys = "Journal of {VLSI} and Computer Systems" }
 @String{VLSICompSys = "J. {VLSI} Comput. Syst." }
 @String{ZAngewMathMech = "Zeitschrift fur Angewandte Mathematik und
     Mechanik" }
 @String{ZAngewMathMech = "Z. Angew. Math. Mech." }
 @String{ZAngewMathPhys = "Zeitschrift fur Angewandte Mathematik und Physik" }
 @String{ZAngewMathPhys = "Z. Angew. Math. Phys." }

% Publishers % ================================================= |

 @String{Academic = "Academic Press" }
 @String{ACMPress = "{ACM} Press" }
 @String{AdamHilger = "Adam Hilger" }
 @String{AddisonWesley = "Addison-Wesley" }
 @String{AllynBacon = "Allyn and Bacon" }
 @String{AMS = "American Mathematical Society" }
 @String{Birkhauser = "Birkha{\"u}ser" }
 @String{CambridgePress = "Cambridge University Press" }
 @String{Chelsea = "Chelsea" }
 @String{ClaredonPress = "Claredon Press" }
 @String{DoverPub = "Dover Publications" }
 @String{Eyolles = "Eyolles" }
 @String{HoltRinehartWinston = "Holt, Rinehart and Winston" }
 @String{Interscience = "Interscience" }
 @String{JohnsHopkinsPress = "The Johns Hopkins University Press" }
 @String{JohnWileySons = "John Wiley and Sons" }
 @String{Macmillan = "Macmillan" }
 @String{MathWorks = "The Math Works Inc." }
 @String{McGrawHill = "McGraw-Hill" }
 @String{NatBurStd = "National Bureau of Standards" }
 @String{NorthHolland = "North-Holland" }
 @String{OxfordPress = "Oxford University Press" }  %address Oxford or London?
 @String{PergamonPress = "Pergamon Press" }
 @String{PlenumPress = "Plenum Press" }
 @String{PrenticeHall = "Prentice-Hall" }
 @String{SIAMPub = "{SIAM} Publications" }
 @String{Springer = "Springer-Verlag" }
 @String{TexasPress = "University of Texas Press" }
 @String{VanNostrand = "Van Nostrand" }
 @String{WHFreeman = "W. H. Freeman and Co." }

%Entries

@inproceedings{haque2016SAND,
  title={SAND: Semi-Supervised Adaptive Novel Class Detection and Classification over Data Stream.},
  author={Haque, Ahsanul and Khan, Latifur and Baron, Michael},
  booktitle={AAAI},
  pages={1652--1658},
  year={2016}
}

@inproceedings{wei2016instilling,
  title={Instilling Social to Physical: Co-Regularized Heterogeneous Transfer Learning.},
  author={Wei, Ying and Zhu, Yin and Leung, Cane Wing-ki and Song, Yangqiu and Yang, Qiang},
  booktitle={AAAI},
  pages={1338--1344},
  year={2016}
}

@inproceedings{arnold2007comparative,
  title={A comparative study of methods for transductive transfer learning},
  author={Arnold, Andrew and Nallapati, Ramesh and Cohen, William W},
  booktitle={Data Mining Workshops, 2007. ICDM Workshops 2007. Seventh IEEE International Conference on},
  pages={77--82},
  year={2007},
  organization={IEEE}
}

@article{hoi2014libol,
  title={Libol: A library for online learning algorithms},
  author={Hoi, Steven CH and Wang, Jialei and Zhao, Peilin},
  journal={The Journal of Machine Learning Research},
  volume={15},
  number={1},
  pages={495--499},
  year={2014},
  publisher={JMLR. org}
}

@article{pan2010survey,
  title={A survey on transfer learning},
  author={Pan, Sinno Jialin and Yang, Qiang},
  journal={IEEE Transactions on knowledge and data engineering},
  volume={22},
  number={10},
  pages={1345--1359},
  year={2010},
  publisher={IEEE}
}

@inproceedings{chen2015opinion,
  title={Opinion spam detection in web forum: a real case study},
  author={Chen, Yu-Ren and Chen, Hsin-Hsi},
  booktitle={Proceedings of the 24th International Conference on World Wide Web},
  pages={173--183},
  year={2015},
  organization={International World Wide Web Conferences Steering Committee}
}


@article{herlihy1993methodology,
  title={A methodology for implementing highly concurrent data objects},
  author={Herlihy, Maurice},
  journal={ACM Transactions on Programming Languages and Systems (TOPLAS)},
  volume={15},
  number={5},
  pages={745--770},
  year={1993},
  publisher={ACM}
}

@inproceedings{chandra2016adaptive,
  title={An adaptive framework for multistream classification},
  author={Chandra, Swarup and Haque, Ahsanul and Khan, Latifur and Aggarwal, Charu},
  booktitle={Proceedings of the 25th ACM International on Conference on Information and Knowledge Management},
  pages={1181--1190},
  year={2016},
  organization={ACM}
}

@inproceedings{long2008general,
  title={A general model for multiple view unsupervised learning},
  author={Long, Bo and Yu, Philip S and Zhang, Zhongfei},
  booktitle={Proceedings of the 2008 SIAM international conference on data mining},
  pages={822--833},
  year={2008},
  organization={SIAM}
}

@inproceedings{zhao2010otl,
  title={OTL: A framework of online transfer learning},
  author={Zhao, Peilin and Hoi, Steven C},
  booktitle={Proceedings of the 27th international conference on machine learning (ICML-10)},
  pages={1231--1238},
  year={2010}
}


@inproceedings{shi2010transfer,
  title={Transfer learning on heterogenous feature spaces via spectral transformation},
  author={Shi, Xiaoxiao and Liu, Qi and Fan, Wei and Philip, S Yu and Zhu, Ruixin},
  booktitle={Data Mining (ICDM), 2010 IEEE 10th International Conference on},
  pages={1049--1054},
  year={2010},
  organization={IEEE}
}

@article{bifet2010moa,
  title={Moa: Massive online analysis},
  author={Bifet, Albert and Holmes, Geoff and Kirkby, Richard and Pfahringer, Bernhard},
  journal={Journal of Machine Learning Research},
  volume={11},
  number={May},
  pages={1601--1604},
  year={2010}
}

@article{hull1994database,
  title={A database for handwritten text recognition research},
  author={Hull, Jonathan J.},
  journal={IEEE Transactions on pattern analysis and machine intelligence},
  volume={16},
  number={5},
  pages={550--554},
  year={1994},
  publisher={IEEE}
}

@article{lecun1998gradient,
  title={Gradient-based learning applied to document recognition},
  author={LeCun, Yann and Bottou, L{\'e}on and Bengio, Yoshua and Haffner, Patrick},
  journal={Proceedings of the IEEE},
  volume={86},
  number={11},
  pages={2278--2324},
  year={1998},
  publisher={IEEE}
}


@inproceedings{blitzer2007biographies,
  title={Biographies, bollywood, boom-boxes and blenders: Domain adaptation for sentiment classification},
  author={Blitzer, John and Dredze, Mark and Pereira, Fernando},
  booktitle={Proceedings of the 45th annual meeting of the association of computational linguistics},
  pages={440--447},
  year={2007}
}

@article{mikolov2013efficient,
  title={Efficient estimation of word representations in vector space},
  author={Mikolov, Tomas and Chen, Kai and Corrado, Greg and Dean, Jeffrey},
  journal={arXiv preprint arXiv:1301.3781},
  year={2013}
}

@article{arora2016simple,
  title={A simple but tough-to-beat baseline for sentence embeddings},
  author={Arora, Sanjeev and Liang, Yingyu and Ma, Tengyu},
  year={2016}
}


@inproceedings{zadrozny2004learning,
  title={Learning and evaluating classifiers under sample selection bias},
  author={Zadrozny, Bianca},
  booktitle={Proceedings of the twenty-first international conference on Machine learning},
  pages={114},
  year={2004},
  organization={ACM}
}



@inproceedings{haque2018framework,
  author    = {Ahsanul Haque and
               Hemeng Tao and
               Swarup Chandra and
               Jie Liu and
               Latifur Khan},
  title     = {A Framework for Multistream Regression With Direct Density Ratio Estimation},
  booktitle = {Proceedings of the Thirty-Second {AAAI} Conference on Artificial Intelligence,
               New Orleans, Louisiana, USA, February 2-7},
  year      = {2018},
  timestamp = {Thu, 03 May 2018 17:03:19 +0200},
  biburl    = {https://dblp.org/rec/bib/conf/aaai/HaqueTCLK18},
  bibsource = {dblp computer science bibliography, https://dblp.org}
}







%%%%%%%%%%%%%%%%%%%%%
% Starting from here
%%%%%%%%%%%%%%%%%%%%%


@article{journals/corr/abs-1207-1379,
  author    = {Shen{-}Shyang Ho and
               Harry Wechsler},
  title     = {On the Detection of Concept Changes in Time-Varying Data Stream by
               Testing Exchangeability},
  journal   = {CoRR},
  volume    = {abs/1207.1379},
  year      = {2012},
}

@article{journals/jmlr/BifetHKP10,
  author    = {Albert Bifet and
               Geoff Holmes and
               Richard Kirkby and
               Bernhard Pfahringer},
  title     = {{MOA:} Massive Online Analysis},
  journal   = {Journal of Machine Learning Research},
  volume    = {11},
  pages     = {1601--1604},
  year      = {2010},
}

@inproceedings{conf/cikm/HaqueWCDKH17,
  author    = {Ahsanul Haque and
               Zhuoyi Wang and
               Swarup Chandra and
               Bo Dong and
               Latifur Khan and
               Kevin W. Hamlen},
  title     = {{FUSION:} An Online Method for Multistream Classification},
  booktitle = {Proceedings of the 2017 {ACM} on Conference on Information and Knowledge
               Management, {CIKM} 2017, Singapore, November 06 - 10},
  pages     = {919--928},
  year      = {2017},

}

@inproceedings{conf/iccv/LongWDSY13,
  author    = {Mingsheng Long and
               Jianmin Wang and
               Guiguang Ding and
               Jiaguang Sun and
               Philip S. Yu},
  title     = {Transfer Feature Learning with Joint Distribution Adaptation},
  booktitle = {{IEEE} International Conference on Computer Vision, {ICCV} 2013, Sydney,
               Australia, December 1-8, 2013},
  pages     = {2200--2207},
  year      = {2013},
}
@article{journals/tnn/PanTKY11,
  author    = {Sinno Jialin Pan and
               Ivor W. Tsang and
               James T. Kwok and
               Qiang Yang},
  title     = {Domain Adaptation via Transfer Component Analysis},
  journal   = {{IEEE} Trans. Neural Networks},
  volume    = {22},
  number    = {2},
  pages     = {199--210},
  year      = {2011},
}

@inproceedings{conf/icde/HaqueKBTA16,
  author    = {Ahsanul Haque and
               Latifur Khan and
               Michael Baron and
               Bhavani M. Thuraisingham and
               Charu C. Aggarwal},
  title     = {Efficient handling of concept drift and concept evolution over Stream
               Data},
  booktitle = {32nd {IEEE} International Conference on Data Engineering, {ICDE} 2016,
               Helsinki, Finland, May 16-20},
  pages     = {481--492},
  year      = {2016},
}

@inproceedings{conf/cikm/ChandraHKA16,
  author    = {Swarup Chandra and
               Ahsanul Haque and
               Latifur Khan and
               Charu C. Aggarwal},
  title     = {An Adaptive Framework for Multistream Classification},
  booktitle = {Proceedings of the 25th {ACM} International Conference on Information
               and Knowledge Management, {CIKM} 2016, Indianapolis, IN, USA, October
               24-28, 2016},
  pages     = {1181--1190},
  year      = {2016},
}

@inproceedings{conf/sbia/GamaMCR04,
  author    = {Jo{\~{a}}o Gama and
               Pedro Medas and
               Gladys Castillo and
               Pedro Pereira Rodrigues},
  title     = {Learning with Drift Detection},
  booktitle = {Advances in Artificial Intelligence - {SBIA} 2004, 17th Brazilian
               Symposium on Artificial Intelligence, S{\~{a}}o Luis, Maranh{\~{a}}o,
               Brazil, September 29 - October 1, 2004, Proceedings},
  pages     = {286--295},
  year      = {2004},
}


@inproceedings{conf/dis/IkonomovskaGSG09,
  author    = {Elena Ikonomovska and
               Jo{\~{a}}o Gama and
               Raquel Sebasti{\~{a}}o and
               Dejan Gjorgjevikj},
  title     = {Regression Trees from Data Streams with Drift Detection},
  booktitle = {Discovery Science, 12th International Conference, {DS} 2009, Porto,
               Portugal, October 3-5, 2009},
  pages     = {121--135},
  year      = {2009},
}

@inproceedings{conf/icdm/MasudAKAGHT11,
  author    = {Mohammad M. Masud and
               Tahseen Al{-}Khateeb and
               Latifur Khan and
               Charu C. Aggarwal and
               Jing Gao and
               Jiawei Han and
               Bhavani M. Thuraisingham},
  title     = {Detecting Recurring and Novel Classes in Concept-Drifting Data Streams},
  booktitle = {11th {IEEE} International Conference on Data Mining, {ICDM} 2011,
               Vancouver, BC, Canada, December 11-14, 2011},
  pages     = {1176--1181},
  year      = {2011},
}

@article{journals/csur/GamaZBPB14,
  author    = {Jo{\~{a}}o Gama and
               Indre Zliobaite and
               Albert Bifet and
               Mykola Pechenizkiy and
               Abdelhamid Bouchachia},
  title     = {A survey on concept drift adaptation},
  journal   = {{ACM} Comput. Surv.},
  volume    = {46},
  number    = {4},
  pages     = {44:1--44:37},
  year      = {2014},
}

@inproceedings{conf/acl/BlitzerDP07,
  author    = {John Blitzer and
               Mark Dredze and
               Fernando Pereira},
  title     = {Biographies, Bollywood, Boom-boxes and Blenders: Domain Adaptation
               for Sentiment Classification},
  booktitle = {{ACL} 2007, Proceedings of the 45th Annual Meeting of the Association
               for Computational Linguistics, June 23-30, 2007, Prague, Czech Republic},
  year      = {2007},
}

@inproceedings{conf/sdm/FanHWY04,
  author    = {Wei Fan and
               Yi{-}an Huang and
               Haixun Wang and
               Philip S. Yu},
  title     = {Active Mining of Data Streams},
  booktitle = {Proceedings of the Fourth {SIAM} International Conference on Data
               Mining, Lake Buena Vista, Florida, USA, April 22-24, 2004},
  pages     = {457--461},
  year      = {2004},
}

@inproceedings{conf/icdm/MasudGKHT08,
  author    = {Mohammad M. Masud and
               Jing Gao and
               Latifur Khan and
               Jiawei Han and
               Bhavani M. Thuraisingham},
  title     = {A Practical Approach to Classify Evolving Data Streams: Training with
               Limited Amount of Labeled Data},
  booktitle = {Proceedings of the 8th {IEEE} International Conference on Data Mining
               {(ICDM} 2008), December 15-19, 2008, Pisa, Italy},
  pages     = {929--934},
  year      = {2008},
}

@article{journals/ida/Klinkenberg04,
  author    = {Ralf Klinkenberg},
  title     = {Learning drifting concepts: Example selection vs. example weighting},
  journal   = {Intell. Data Anal.},
  volume    = {8},
  number    = {3},
  pages     = {281--300},
  year      = {2004},
}

@inproceedings{conf/aaai/HaqueKB16,
  author    = {Ahsanul Haque and
               Latifur Khan and
               Michael Baron},
  title     = {{SAND:} Semi-Supervised Adaptive Novel Class Detection and Classification
               over Data Stream},
  booktitle = {Proceedings of the Thirtieth {AAAI} Conference on Artificial Intelligence,
               February 12-17, 2016, Phoenix, Arizona, {USA.}},
  pages     = {1652--1658},
  year      = {2016},
}

@inproceedings{conf/sdm/BifetG07,
  author    = {Albert Bifet and
               Ricard Gavald{\`{a}}},
  title     = {Learning from Time-Changing Data with Adaptive Windowing},
  booktitle = {Proceedings of the Seventh {SIAM} International Conference on Data
               Mining, April 26-28, 2007, Minneapolis, Minnesota, {USA}},
  pages     = {443--448},
  year      = {2007},

}


@book{books/daglib/0097035,
  author    = {Vladimir Vapnik},
  title     = {Statistical learning theory},
  publisher = {Wiley},
  year      = {1998},
}

@inproceedings{conf/dis/IkonomovskaG08,
  author    = {Elena Ikonomovska and
               Jo{\~{a}}o Gama},
  title     = {Learning Model Trees from Data Streams},
  booktitle = {Discovery Science, 11th International Conference, {DS} 2008, Budapest,
               Hungary, October 13-16, 2008. Proceedings},
  pages     = {52--63},
  year      = {2008},
  crossref  = {DBLP:conf/dis/2008},
}

@inproceedings{conf/mldm/RosenthalVHHL09,
  author    = {Frank Rosenthal and
               Peter Benjamin Volk and
               Martin Hahmann and
               Dirk Habich and
               Wolfgang Lehner},
  title     = {Drift-Aware Ensemble Regression},
  booktitle = {Machine Learning and Data Mining in Pattern Recognition, 6th International
               Conference, {MLDM} 2009, Leipzig, Germany, July 23-25, 2009. Proceedings},
  pages     = {221--235},
  year      = {2009},
}

@article{journals/ijdmmm/NadungodageXVCL14,
  author    = {Chandima Hewa Nadungodage and
               Yuni Xia and
               Pranav Vaidya and
               Yu Chen and
               Jaehwan John Lee},
  title     = {Online multi-dimensional regression analysis on concept-drifting data
               streams},
  journal   = {{IJDMMM}},
  volume    = {6},
  number    = {3},
  pages     = {217--238},
  year      = {2014},
}

@inproceedings{conf/icml/Zadrozny04,
  author    = {Bianca Zadrozny},
  title     = {Learning and evaluating classifiers under sample selection bias},
  booktitle = {Machine Learning, Proceedings of the Twenty-first International Conference
               {(ICML} 2004), Banff, Alberta, Canada, July 4-8, 2004},
  year      = {2004},
}

@inproceedings{conf/nips/HuangSGBS06,
  author    = {Jiayuan Huang and
               Alexander J. Smola and
               Arthur Gretton and
               Karsten M. Borgwardt and
               Bernhard Sch{\"{o}}lkopf},
  title     = {Correcting Sample Selection Bias by Unlabeled Data},
  booktitle = {Advances in Neural Information Processing Systems 19, Proceedings
               of the Twentieth Annual Conference on Neural Information Processing
               Systems, Vancouver, British Columbia, Canada, December 4-7, 2006},
  pages     = {601--608},
  year      = {2006},
}

@article{artical:sugiyama2008direct,
  title={Direct importance estimation for covariate shift adaptation},
  author={Sugiyama, Masashi and Suzuki, Taiji and Nakajima, Shinichi and Kashima, Hisashi and von B{\"u}nau, Paul and Kawanabe, Motoaki},
  journal={Annals of the Institute of Statistical Mathematics},
  volume={60},
  number={4},
  pages={699--746},
  year={2008},
  publisher={Springer}
}

@article{journals/jmlr/KanamoriHS09,
  author    = {Takafumi Kanamori and
               Shohei Hido and
               Masashi Sugiyama},
  title     = {A Least-squares Approach to Direct Importance Estimation},
  journal   = {Journal of Machine Learning Research},
  volume    = {10},
  pages     = {1391--1445},
  year      = {2009},
}

@inproceedings{conf/acl/Daume07,
  author    = {Hal Daum{\'{e}} III},
  title     = {Frustratingly Easy Domain Adaptation},
  booktitle = {{ACL} 2007, Proceedings of the 45th Annual Meeting of the Association
               for Computational Linguistics, June 23-30, 2007, Prague, Czech Republic},
  year      = {2007},
}

@inproceedings{conf/aaai/PanKY08,
  author    = {Sinno Jialin Pan and
               James T. Kwok and
               Qiang Yang},
  title     = {Transfer Learning via Dimensionality Reduction},
  booktitle = {Proceedings of the Twenty-Third {AAAI} Conference on Artificial Intelligence,
               {AAAI} 2008, Chicago, Illinois, USA, July 13-17},
  pages     = {677--682},
  year      = {2008},
}

@article{journals/tnn/PanTKY11,
  author    = {Sinno Jialin Pan and
               Ivor W. Tsang and
               James T. Kwok and
               Qiang Yang},
  title     = {Domain Adaptation via Transfer Component Analysis},
  journal   = {{IEEE} Trans. Neural Networks},
  volume    = {22},
  number    = {2},
  pages     = {199--210},
  year      = {2011},
}

@inproceedings{conf/kdd/DaiXYY07,
  author    = {Wenyuan Dai and
               Gui{-}Rong Xue and
               Qiang Yang and
               Yong Yu},
  title     = {Co-clustering based classification for out-of-domain documents},
  booktitle = {Proceedings of the 13th {ACM} {SIGKDD} International Conference on
               Knowledge Discovery and Data Mining, San Jose, California, USA, August
               12-15, 2007},
  pages     = {210--219},
  year      = {2007},
}

@inproceedings{book:pan2008transfer,
  title={Transfer learning for wifi-based indoor localization},
  author={Pan, Sinno Jialin and Zheng, Vincent Wenchen and Yang, Qiang and Hu, Derek Hao},
  booktitle={Association for the advancement of artificial intelligence (AAAI) workshop},
  pages={6},
  year={2008}
}

@inproceedings{conf/icml/LiYX09,
  author    = {Bin Li and
               Qiang Yang and
               Xiangyang Xue},
  title     = {Transfer learning for collaborative filtering via a rating-matrix
               generative model},
  booktitle = {Proceedings of the 26th Annual International Conference on Machine
               Learning, {ICML} 2009, Montreal, Quebec, Canada, June 14-18, 2009},
  pages     = {617--624},
  year      = {2009},
}

@article{journals/ml/Ben-DavidBCKPV10,
  author    = {Shai Ben{-}David and
               John Blitzer and
               Koby Crammer and
               Alex Kulesza and
               Fernando Pereira and
               Jennifer Wortman Vaughan},
  title     = {A theory of learning from different domains},
  journal   = {Machine Learning},
  volume    = {79},
  number    = {1-2},
  pages     = {151--175},
  year      = {2010},
}


@article{journals/jbd/DayK17,
  author    = {Oscar Day and
               Taghi M. Khoshgoftaar},
  title     = {A survey on heterogeneous transfer learning},
  journal   = {J. Big Data},
  volume    = {4},
  pages     = {29},
  year      = {2017},
}

@article{journals/jmlr/SugiyamaKM07,
  author    = {Masashi Sugiyama and
               Matthias Krauledat and
               Klaus{-}Robert M{\"{u}}ller},
  title     = {Covariate Shift Adaptation by Importance Weighted Cross Validation},
  journal   = {Journal of Machine Learning Research},
  volume    = {8},
  pages     = {985--1005},
  year      = {2007},
}

@online{webpage,
  author = {Sam Roweis},
  title = {Handwritten Digits},
  url = {https://cs.nyu.edu/~roweis/data.html},
  note = {Accessed: 2018-05-22}
}

@inproceedings{conf/icde/HaqueCKHA17,
  author    = {Ahsanul Haque and
               Swarup Chandra and
               Latifur Khan and
               Kevin W. Hamlen and
               Charu C. Aggarwal},
  title     = {Efficient Multistream Classification Using Direct Density Ratio Estimation},
  booktitle = {33rd {IEEE} International Conference on Data Engineering, {ICDE} 2017,
               San Diego, CA, USA, April 19-22, 2017},
  pages     = {155--158},
  year      = {2017},
}

@inproceedings{conf/aaai/HaqueTCLK18,
  author    = {Ahsanul Haque and
               Hemeng Tao and
               Swarup Chandra and
               Jie Liu and
               Latifur Khan},
  title     = {A Framework for Multistream Regression With Direct Density Ratio Estimation},
  booktitle = {Proceedings of the Thirty-Second {AAAI} Conference on Artificial Intelligence,
               New Orleans, Louisiana, USA, February 2-7, 2018},
  year      = {2018},
}

@article{journals/corr/abs-1301-3781,
  author    = {Tomas Mikolov and
               Kai Chen and
               Greg Corrado and
               Jeffrey Dean},
  title     = {Efficient Estimation of Word Representations in Vector Space},
  journal   = {CoRR},
  volume    = {abs/1301.3781},
  year      = {2013},
}
